<?xml version="1.0" encoding="UTF-8"?><record xmlns="http://www.loc.gov/MARC21/slim" xmlns:cinclude="http://apache.org/cocoon/include/1.0" xmlns:zs="http://www.loc.gov/zing/srw/">
  <leader>00861cz  a2200193n  4500</leader>
  <controlfield tag="001">n 2009079083</controlfield>
  <controlfield tag="003">DLC</controlfield>
  <controlfield tag="005">20091215075155.0</controlfield>
  <controlfield tag="008">091210n| acannaabn          |a ana      </controlfield>
  <datafield tag="010" ind1=" " ind2=" ">
    <subfield code="a">n 2009079083</subfield>
  </datafield>
  <datafield tag="035" ind1=" " ind2=" ">
    <subfield code="a">(OCoLC)oca08333857</subfield>
  </datafield>
  <datafield tag="040" ind1=" " ind2=" ">
    <subfield code="a">DLC</subfield>
    <subfield code="b">eng</subfield>
    <subfield code="c">DLC</subfield>
    <subfield code="d">DLC</subfield>
  </datafield>
  <datafield tag="110" ind1="2" ind2=" ">
    <subfield code="a">Neue Städtische Galerie Gladbeck</subfield>
  </datafield>
  <datafield tag="410" ind1="2" ind2=" ">
    <subfield code="a">Neue Galerie im Rathauspark (Gladbeck, Germany)</subfield>
  </datafield>
  <datafield tag="410" ind1="2" ind2=" ">
    <subfield code="a">New Municipal Gallery Gladbeck</subfield>
  </datafield>
  <datafield tag="510" ind1="2" ind2=" ">
    <subfield code="w">a</subfield>
    <subfield code="a">Städtische Galerie im Rathauspark Gladbeck (Germany)</subfield>
  </datafield>
  <datafield tag="670" ind1=" " ind2=" ">
    <subfield code="a">Constructed landscapes, c2009:</subfield>
    <subfield code="b">colophon (Neue Städtische Galerie Gladbeck)</subfield>
  </datafield>
  <datafield tag="670" ind1=" " ind2=" ">
    <subfield code="a">Slick surfaces, c2008:</subfield>
    <subfield code="b">t.p. (Neue Galerie im Rathauspark, Gladbeck) p. 88 (... Neuen Städtischen Galerie Gladbeck; New Municipal Gallery Gladbeck)</subfield>
  </datafield>
  <datafield tag="675" ind1=" " ind2=" ">
    <subfield code="a">Wettbewerb um den "Goldenen Plotter '88," 1988: p. 5 (Städtische Galerie im Rathauspark, Gladbeck)</subfield>
  </datafield>
</record>